@article{Doe:2020,
    author = "Doe, John",
    title = "Jak citovat",
    subtitle = "Citace článku",
    journal = "Seriál o tvorbě prací",
    journalsubtitle = "Formální náležitosti",
    howpublished = "online",
    address = "Brno",
    publisher = "Fakulta informačních technologií VUT v Brně",
    contributory = "Přeložil Jan NOVÁK",
    edition = "1",
    version = "verze 1.0",
    month = 2,
    year = "2020",
    revised = "revidováno 12. 2. 2020",
    volume = "4",
    number = "24",
    pages = "8--21",
    cited = "2020-02-12",
    doi = "10.1000/BC1.0",
    issn = "1234-5678",
    note = "Toto je zcela vymyšlená citace",
    url = "https://merlin.fit.vutbr.cz"
}

@book{sutton2018reinforcement,
    title = {Reinforcement Learning, second edition: An Introduction},
    author = {Sutton, R.S. and Barto, A.G.},
    isbn = {9780262039246},
    lccn = {2018023826},
    series = {Adaptive Computation and Machine Learning series},
    url = {https://books.google.cz/books?id=5s-MEAAAQBAJ},
    year = {2018},
    publisher = {MIT Press}
}

@book{rao2022foundations,
    title = {Foundations of Reinforcement Learning with Applications in Finance},
    author = {Rao, A. and Jelvis, T.},
    isbn = {9781000801101},
    url = {https://books.google.cz/books?id=n\_-VEAAAQBAJ},
    year = {2022},
    publisher = {CRC Press}
}

@article{meanvarianceportfoliooptimazation,
    author = {Soeryana, E. and Fadhlina, N. and Firman, Sukono and Rusyaman, E. and Supian, S.},
    year = {2017},
    month = {01},
    pages = {012003},
    title = {Mean-variance portfolio optimization by using time series approaches based on logarithmic utility function},
    volume = {166},
    journal = {IOP Conference Series: Materials Science and Engineering},
    doi = {10.1088/1757-899X/166/1/012003}
}

@misc{finrl-portfolio-allocation-2020,
    doi = {10.48550/ARXIV.2111.03995},
    url = {https://arxiv.org/abs/2111.03995},
    author = {Guan, Mao and Liu, Xiao-Yang},
    keywords = {Portfolio Management (q-fin.PM), Artificial Intelligence (cs.AI), FOS: Economics and business, FOS: Economics and business, FOS: Computer and information sciences, FOS: Computer and information sciences},
    title = {Explainable Deep Reinforcement Learning for Portfolio Management: An Empirical Approach},
    publisher = {arXiv},
    year = {2021},
    copyright = {arXiv.org perpetual, non-exclusive license}
}

@article{sirucek-2015,
    author = {Širůček, Martin and Křen, Lukáš},
    journal = {Acta Universitatis Agriculturae et Silviculturae Mendelianae Brunensis},
    month = {9},
    number = {4},
    pages = {1375--1386},
    publisher = {Mendel University Press},
    title = {{Application of Markowitz Portfolio Theory by Building Optimal Portfolio on the US Stock Market}},
    volume = {63},
    year = {2015},
    doi = {10.11118/actaun201563041375},
    url = {http://dx.doi.org/10.11118/actaun201563041375},
}

@misc{Model-Free-Reinforcement-Learning-for-Asset-Allocation,
    doi = {10.48550/ARXIV.2209.10458},
    url = {https://arxiv.org/abs/2209.10458},
    author = {Oshingbesan, Adebayo and Ajiboye, Eniola and Kamashazi, Peruth and Mbaka, Timothy},
    keywords = {Portfolio Management (q-fin.PM), Machine Learning (cs.LG), FOS: Economics and business, FOS: Economics and business, FOS: Computer and information sciences, FOS: Computer and information sciences},
    title = {Model-Free Reinforcement Learning for Asset Allocation},
    publisher = {arXiv},
    year = {2022},
    copyright = {Creative Commons Attribution Non Commercial Share Alike 4.0 International}
}

@misc{rl-course-david-silver,
    author = {David Silver},
    title = {Introduction to Reinforcement Learning with David Silver},
    year = {2015},
    url = {https://www.deepmind.com/learning-resources/introduction-to-reinforcement-learning-with-david-silver},
    howpublished = "online",
    cited = "2023-04-08",
}

@mastersthesis{FITMT25127,
    author = "David Vosol",
    type = "Master's thesis",
    title = "Aplikace posilovan\'{e}ho u\v{c}en\'{i} v \v{r}\'{i}zen\'{i} autonomn\'{i}ho vozidla",
    school = "Brno University of Technology, Faculty of Information Technology",
    year = 2022,
    location = "Brno, CZ",
    language = "czech",
    url = "https://www.fit.vut.cz/study/thesis/25127/"
}


@misc{modern-portfolio-theory,
    author = "{Wikipedia contributors}",
    title = "Modern portfolio theory --- {Wikipedia}{,} The Free Encyclopedia",
    year = "2022",
    url = "https://en.wikipedia.org/w/index.php?title=Modern_portfolio_theory&oldid=1126978098",
    note = "[Online; accessed 28-December-2022]"
}

@misc{GPT3.5,
    author = {ChatGPT},
    title = {Is there a difference between policy and action-value function?},
    howpublished = {Chatbot response},
    year = {2023},
    month = {April},
    note = {OpenAI GPT-3.5 model},
    url = {https://www.openai.com/},
}

%%%%%%%%%%%%%%%%%%%%%%%%%%%%%%%%%%%%%%%%%%%%%%%%%%%%%%%%%%%%%%%

@misc{rl-model-free,
    doi = {10.48550/ARXIV.1802.09081},
    url = {https://arxiv.org/abs/1802.09081},
    author = {Pong, Vitchyr and Gu, Shixiang and Dalal, Murtaza and Levine, Sergey},
    keywords = {Machine Learning (cs.LG), FOS: Computer and information sciences, FOS: Computer and information sciences},
    title = {Temporal Difference Models: Model-Free Deep RL for Model-Based Control},
    publisher = {arXiv},
    year = {2018},
    copyright = {arXiv.org perpetual, non-exclusive license}
}

@misc{rl-model-based,
    doi = {10.48550/ARXIV.1901.08740},
    url = {https://arxiv.org/abs/1901.08740},
    author = {Yu, Pengqian and Lee, Joon Sern and Kulyatin, Ilya and Shi, Zekun and Dasgupta, Sakyasingha},
    keywords = {Machine Learning (cs.LG), Artificial Intelligence (cs.AI), Machine Learning (stat.ML), FOS: Computer and information sciences, FOS: Computer and information sciences},
    title = {Model-based Deep Reinforcement Learning for Dynamic Portfolio Optimization},
    publisher = {arXiv},
    year = {2019},
    copyright = {arXiv.org perpetual, non-exclusive license}
}

@misc{ddpg-algorithm,
    doi = {10.48550/ARXIV.1509.02971},
    url = {https://arxiv.org/abs/1509.02971},
    author = {Lillicrap, Timothy P. and Hunt, Jonathan J. and Pritzel, Alexander and Heess, Nicolas and Erez, Tom and Tassa, Yuval and Silver, David and Wierstra, Daan},
    keywords = {Machine Learning (cs.LG), Machine Learning (stat.ML), FOS: Computer and information sciences, FOS: Computer and information sciences},
    title = {Continuous control with deep reinforcement learning},
    publisher = {arXiv},
    year = {2015},
    copyright = {arXiv.org perpetual, non-exclusive license}
}

@misc{ppo-algorithm,
    doi = {10.48550/ARXIV.1707.06347},
    url = {https://arxiv.org/abs/1707.06347},
    author = {Schulman, John and Wolski, Filip and Dhariwal, Prafulla and Radford, Alec and Klimov, Oleg},
    keywords = {Machine Learning (cs.LG), FOS: Computer and information sciences, FOS: Computer and information sciences},
    title = {Proximal Policy Optimization Algorithms},
    publisher = {arXiv},
    year = {2017},
    copyright = {arXiv.org perpetual, non-exclusive license}
}


@misc{a2c-algorithm,
    doi = {10.48550/ARXIV.1802.09477},
    url = {https://arxiv.org/abs/1802.09477},
    author = {Fujimoto, Scott and van Hoof, Herke and Meger, David},
    keywords = {Artificial Intelligence (cs.AI), Machine Learning (cs.LG), Machine Learning (stat.ML), FOS: Computer and information sciences, FOS: Computer and information sciences},
    title = {Addressing Function Approximation Error in Actor-Critic Methods},
    publisher = {arXiv},
    year = {2018},
    copyright = {arXiv.org perpetual, non-exclusive license}
}


@misc{sac-algorithm,
    doi = {10.48550/ARXIV.1801.01290},
    url = {https://arxiv.org/abs/1801.01290},
    author = {Haarnoja, Tuomas and Zhou, Aurick and Abbeel, Pieter and Levine, Sergey},
    keywords = {Machine Learning (cs.LG), Artificial Intelligence (cs.AI), Machine Learning (stat.ML), FOS: Computer and information sciences, FOS: Computer and information sciences},
    title = {Soft Actor-Critic: Off-Policy Maximum Entropy Deep Reinforcement Learning with a Stochastic Actor},
    publisher = {arXiv},
    year = {2018},
    copyright = {arXiv.org perpetual, non-exclusive license}
}


@bachelorsthesis{FITBT24626,
    author = "Julie Gyselov\'{a}",
    type = "Bachelor's thesis",
    title = "Controlling Autonomous Systems Based on Partially Observable Markov Decision Processes",
    school = "Brno University of Technology, Faculty of Information Technology",
    year = 2022,
    location = "Brno, CZ",
    language = "english",
    url = "https://www.fit.vut.cz/study/thesis/24626/"
}

@misc{https://doi.org/10.48550/arxiv.2111.03995,
    doi = {10.48550/ARXIV.2111.03995},
    url = {https://arxiv.org/abs/2111.03995},
    author = {Guan, Mao and Liu, Xiao-Yang},
    keywords = {Portfolio Management (q-fin.PM), Artificial Intelligence (cs.AI), FOS: Economics and business, FOS: Economics and business, FOS: Computer and information sciences, FOS: Computer and information sciences},
    title = {Explainable Deep Reinforcement Learning for Portfolio Management: An Empirical Approach},
    publisher = {arXiv},
    year = {2021},
    copyright = {arXiv.org perpetual, non-exclusive license}
}

@article{fama-2004,
    author = {Fama, Eugene F and French, Kenneth R},
    journal = {Journal of Economic Perspectives},
    month = {8},
    number = {3},
    pages = {25--46},
    publisher = {American Economic Association},
    title = {{The Capital Asset Pricing Model: Theory and Evidence}},
    volume = {18},
    year = {2004},
    doi = {10.1257/0895330042162430},
    howpublished = {\url{https://mba.tuck.dartmouth.edu/bespeneckbo/default/AFA611-Eckbo%20web%20site/AFA611-S6B-FamaFrench-CAPM-JEP04.pdf}},
}

@article{he-2002,
    author = {He, Guangliang and Litterman, Robert},
    journal = {SSRN Electronic Journal},
    publisher = {Elsevier BV},
    title = {{The Intuition Behind Black-Litterman Model Portfolios}},
    year = {2002},
    doi = {10.2139/ssrn.334304},
    howpublished = {\url{https://papers.ssrn.com/sol3/papers.cfm?abstract_id=334304}},
}

@misc{ai4finance-Optimistic-Bull-or-Pessimistic-Bear,
    doi = {10.48550/ARXIV.1907.01503},
    url = {https://arxiv.org/abs/1907.01503},
    author = {Li, Xinyi and Li, Yinchuan and Zhan, Yuancheng and Liu, Xiao-Yang},
    keywords = {Statistical Finance (q-fin.ST), FOS: Economics and business, FOS: Economics and business},
    title = {Optimistic Bull or Pessimistic Bear: Adaptive Deep Reinforcement Learning for Stock Portfolio Allocation},
    publisher = {arXiv},
    year = {2019},
    copyright = {arXiv.org perpetual, non-exclusive license}
}
